<?xml version="1.0" encoding="UTF-8"?><collection xmlns="http://www.loc.gov/MARC21/slim"><record><leader>00402nam--2200145-i-4500</leader><controlfield tag="001">000024752</controlfield><controlfield tag="002">20161230</controlfield><controlfield tag="005">20161230201035</controlfield><controlfield tag="008">060222s1000------------r-----000-0-eng-d</controlfield><datafield ind1=" " ind2=" " tag="080"><subfield code="a">514.74</subfield></datafield><datafield ind1=" " ind2=" " tag="100"><subfield code="a">Hsu, C.S</subfield></datafield><datafield ind1=" " ind2=" " tag="245"><subfield code="a">Cell-to-cell mapping. a method of gobal analysis for nonliner systems</subfield></datafield><datafield ind1=" " ind2=" " tag="260"><subfield code="a">New-york, Springer-verlag, 1987. 352p</subfield></datafield><datafield ind1=" " ind2=" " tag="852"><subfield code="a">78668</subfield><subfield code="c">517</subfield></datafield><datafield ind1=" " ind2=" " tag="CAT"><subfield code="a">Sys</subfield><subfield code="c">20080711</subfield><subfield code="h">092901</subfield></datafield></record></collection>